@misc{adaDownloadsAdafruitUltimate,
  title = {Downloads {\textbar} {{Adafruit Ultimate GPS}} {\textbar} {{Adafruit Learning System}}},
  author = {Ada, Lady},
  urldate = {2024-10-14},
  abstract = {We carry a few different GPS modules here in the Adafruit shop, but none that satisfied our every desire - that's why we designed this little GPS breakout board. We believe this is the Ultimate GPS module, so we named it that. It's got everything you want and more. This guide will teach you how to wire it up to a computer or an Arduino, and how to use it.},
  howpublished = {https://learn.adafruit.com/adafruit-ultimate-gps/downloads},
  langid = {american}
}

@misc{bienestarbonsaitemperatura,
  title = {{El bienestar del bons{\'a}i: temperatura y humedad relativa}},
  shorttitle = {{El bienestar del bons{\'a}i}},
  author = {Hatoen},
  year = {2023},
  month = jul,
  journal = {Hatoen},
  urldate = {2024-11-11},
  abstract = {El bienestar y la energ{\'i}a se engendran mutuamente. Joseph Addison. La mayor{\'i}a de los {\'a}rboles que cultivamos como bons{\'a}i tienen un rango de temperatura {\'o}ptimo para su actividad metab{\'o}lica entre 15ºC y 25ºC (teniendo en cuenta que cuando hay transpiraci{\'o}n foliar sus hojas est{\'a}n entre uno y tres grados m{\'a}s frescas que la temperatura{\dots}},
  langid = {spanish}
}

@misc{DISCOL072CZLRWAN1Mbeda,
  title = {{{DISCO-L072CZ-LRWAN1}} {\textbar} {{Mbed}}},
  urldate = {2024-11-28},
  howpublished = {https://os.mbed.com/platforms/ST-Discovery-LRWAN1/}
}

@misc{DownloadsAdafruitMMA8451,
  title = {Downloads {\textbar} {{Adafruit MMA8451 Accelerometer Breakout}} {\textbar} {{Adafruit Learning System}}},
  author = {Ada, Lady},
  urldate = {2024-11-28},
  abstract = {The MMA8451 is a low-cost but high-precision digital accelerometer that uses I2C, with adjustable data rata and 'range' (+/-2/4/8).},
  howpublished = {https://learn.adafruit.com/adafruit-mma8451-accelerometer-breakout/downloads},
  langid = {american}
}

@misc{GlobalTopFGPMMOPA6HDatasheetV0A,
  title = {{{GlobalTop-FGPMMOPA6H-Datasheet-V0A}}},
  urldate = {2024-11-28},
  abstract = {GPS Datasheet},
  howpublished = {https://cdn-shop.adafruit.com/datasheets/GlobalTop-FGPMMOPA6H-Datasheet-V0A.pdf}
}

@misc{HW5P1_2015__1_,
  title = {{{HW5P-1}}\_2015\_\_1\_},
  urldate = {2024-11-28},
  howpublished = {https://cdn-shop.adafruit.com/product-files/2831/HW5P-1\_2015\_\_1\_.pdf}
}

@misc{MMA8451driverMMA8451,
  title = {{{MMA8451}} - {{A}} Driver for the {{MMA8451}} 3-Axis {{Accelerometer}}. {\textbar} {{Mbed}}},
  urldate = {2024-11-28},
  howpublished = {https://os.mbed.com/users/wilminc/code/MMA8451/}
}

@misc{MMA8451Q1a,
  title = {{{MMA8451Q-1}}},
  urldate = {2024-11-28},
  abstract = {Datasheet},
  howpublished = {https://cdn-shop.adafruit.com/datasheets/MMA8451Q-1.pdf}
}

@article{NMEAReferenceManual,
  title = {{{NMEA Reference Manual}}},
  author = {{SiRF Technology}},
  langid = {english}
}

@misc{QueueAPIReferences,
  title = {Queue - {{API}} References and Tutorials {\textbar} {{Mbed OS}} 6 {{Documentation}}},
  urldate = {2024-10-06},
  howpublished = {https://os.mbed.com/docs/mbed-os/v6.16/apis/queue.html}
}

@misc{SparkFunSoilMoisture,
  title = {{{SparkFun Soil Moisture Sensor}} - {{SEN-13322}} - {{SparkFun Electronics}}},
  urldate = {2024-10-14},
  howpublished = {https://www.sparkfun.com/products/13322}
}

@misc{STM32L072CZUltralowpowerArm,
  title = {{{STM32L072CZ}} - {{Ultra-low-power Arm Cortex-M0}}+ {{MCU}} with 192-{{Kbytes}} of {{Flash}} Memory, 32 {{MHz CPU}}, {{USB}} - {{STMicroelectronics}}},
  urldate = {2024-11-28},
  abstract = {STM32L072CZ - Ultra-low-power Arm Cortex-M0+ MCU with 192-Kbytes of Flash memory, 32 MHz CPU, USB, STM32L072CZT7TR, STM32L072CZT6, STM32L072CZT7, STM32L072CZU6, STM32L072CZY6TR, STM32L072CZU6TR, STM32L072CZY3TR, STM32L072CZT6TR, STM32L072CZY6DTR, STMicroelectronics},
  howpublished = {https://www.st.com/en/microcontrollers-microprocessors/stm32l072cz.html},
  langid = {english}
}

@misc{Support_Documents_TechnicalDocs_Si7021A20,
  title = {Support\_{{Documents}}\_{{TechnicalDocs}}\_{{Si7021-A20}}},
  urldate = {2024-10-14},
  howpublished = {https://cdn-learn.adafruit.com/assets/assets/000/035/931/original/Support\_Documents\_TechnicalDocs\_Si7021-A20.pdf}
}

@misc{TCS3472_I2CClasswhich,
  title = {{{TCS3472}}\_{{I2C}} - {{Class}} Which Provides Functions to Control a {{TAO}}... {\textbar} {{Mbed}}},
  urldate = {2024-11-28},
  howpublished = {https://os.mbed.com/users/karlmaxwell67/code/TCS3472\_I2C/}
}

@misc{TCS34725,
  title = {{{TCS34725}}},
  urldate = {2024-10-14},
  howpublished = {https://cdn-shop.adafruit.com/datasheets/TCS34725.pdf}
}
